@article{wall_street_job_losses_ai,
  title = {Wall Street Job Losses May Top 200,000 as AI Replaces Roles},
  author = {{Bloomberg News}},
  journal = {Bloomberg},
  year = {2025},
  url = {https://www.bloomberg.com/news/articles/2025-01-09/wall-street-expected-to-shed-200-000-jobs-as-ai-erodes-roles?embedded-checkout=true&leadSource=uverify%20wall},
}

@article{banche_ai_200k_dipendenti_ilsole24ore,
  title = {Banche, l’intelligenza artificiale pronta a sostituire 200mila dipendenti},
  author = {{Il Sole 24 Ore}},
  journal = {Il Sole 24 Ore},
  year = {2025},
  url = {https://www.ilsole24ore.com/art/banche-l-intelligenza-artificiale-pronta-sostituire-200mila-dipendenti-AG0Gp0CC},
}

@article{banche_ai_200k_dipendenti_italiaoggi,
  title = {Banche, così l’intelligenza artificiale manderà in ‘pensione’ 200mila dipendenti},
  author = {{Italia Oggi}},
  journal = {Italia Oggi},
  year = {2025},
  url = {https://www.italiaoggi.it/economia-e-politica/economia-e-finanza/banche-cosi-lintelligenza-artificiale-mandera-in-pensione-200mila-dipendenti-lax1rpus},
}

@article{jpmorgan_ai_rollout_jobs,
  title = {Il lancio dell’intelligenza artificiale di JPMorgan sta aumentando i posti di lavoro, non li sostituisce},
  author = {{Bloomberg News}},
  journal = {Bloomberg},
  year = {2024},
  url = {https://www.bloomberg.com/news/articles/2024-11-21/jpmorgan-s-ai-rollout-is-augmenting-jobs-not-replacing-them},
}

@article{citi_ai_displacing_jobs,
  title = {Citi ritiene che l’intelligenza artificiale sostituirà più posti di lavoro bancari rispetto a qualsiasi altro settore},
  author = {{Bloomberg News}},
  journal = {Bloomberg},
  year = {2024},
  url = {https://www.bloomberg.com/news/articles/2024-06-19/citi-sees-ai-displacing-more-finance-jobs-than-any-other-sector},
}

@article{dimon_ai_shorter_workweek,
  title = {Dimon vede l'intelligenza artificiale offrire una settimana lavorativa di 3 giorni e mezzo alla prossima generazione},
  author = {{Bloomberg News}},
  journal = {Bloomberg},
  year = {2023},
  url = {https://www.bloomberg.com/news/articles/2023-10-02/dimon-sees-ai-giving-a-3-1-2-day-workweek-to-the-next-generation},
}
