@misc{1EsitoIstruttoria,
  title = {1 {{Esito}} Istruttoria {{Intelligenza Artificiale}}},
  keywords = {elenco,Infratel},
  file = {D:\Zotero\storage\PGL7VD8T\1 Esito istruttoria Intelligenza Artificiale.pdf}
}

@misc{2EsitoIstruttoria,
  title = {2 {{Esito}} Istruttoria {{Blockchain}}},
  keywords = {elenco,Infratel},
  file = {D:\Zotero\storage\8JBMWUXM\2 Esito istruttoria Blockchain.pdf}
}

@misc{3EsitoIstruttoria,
  title = {3 {{Esito}} Istruttoria {{Internet}} of {{Things}}},
  keywords = {elenco,Infratel},
  file = {D:\Zotero\storage\MA43X29N\3 Esito istruttoria Internet of Things.pdf}
}

@misc{BandoInnovazioneDigitale,
  title = {{Bando innovazione digitale 2024: concessione di contributi alle imprese per la promozione dell'innovazione tecnologica digitale (Codice prog. PI24) {\textbar} Incentivi}},
  shorttitle = {{Bando innovazione digitale 2024}},
  journal = {incentivi.gov.it},
  urldate = {2025-02-09},
  abstract = {Cos'{\`e}L'iniziativa "Bando innovazione digitale 2024" si propone di:- sviluppare la capacit{\`a} di collaborazione tra MPMI e tra esse e soggetti altamente qualificati nel campo dell'utilizzo delle tecnologie 4.0, attraverso la realizzazione di progetti mirati all'introduzione di modelli di business 4.0;- promuovere l'utilizzo, da parte delle MPMI, di servizi o soluzioni focalizzati sulle competenze e tecnologie digitali 4.0, in attuazione della strategia definita dal Piano Transizione 4.0.},
  howpublished = {https://www.incentivi.gov.it/it/catalogo/bando-innovazione-digitale-2024-concessione-di-contributi-alle-imprese-la-promozione},
  langid = {italian}
}

@misc{Block_chain__DD_def__24giugno2022REV_2,
  title = {Block\_chain\_-\_{{DD}}\_def\_-\_{{24giugno2022REV}}\_2},
  urldate = {2025-02-09},
  howpublished = {https://www.mimit.gov.it/images/stories/normativa/Block\_chain\_-\_DD\_def\_-\_24giugno2022REV\_2.pdf},
  file = {D:\Zotero\storage\EYW6AGGF\Block_chain_-_DD_def_-_24giugno2022REV_2.pdf}
}

@article{carminefotinaFondoNuoveTecnologie2022,
  title = {Fondo Nuove Tecnologie, al via Domande per 45 Milioni},
  shorttitle = {Click Day},
  author = {{Carmine Fotina}},
  year = {2022},
  month = sep,
  journal = {Il Sole 24 Ore},
  file = {D:\Zotero\storage\WVKXWVSL\IlSole24Ore21Settembre2022_6.pdf}
}

@misc{DecretoDirettoriale24,
  title = {{Decreto direttoriale 24 giugno 2022 - Fondo intelligenza artificiale, blockchain e internet of things. Modalit{\`a} e termini per concessione ed erogazione delle agevolazioni}},
  journal = {mimit.gov.it},
  urldate = {2025-02-08},
  abstract = {Ministero delle Imprese e del Made in Italy},
  howpublished = {https://www.mimit.gov.it/index.php/it/normativa/decreti-direttoriali/decreto-direttoriale-24-giugno-2022-fondo-per-interventi-volti-a-favorire-lo-sviluppo-delle-tecnologie-e-delle-applicazioni-di-intelligenza-artificiale-blockchain-e-internet-of-things-modalita-e-termini-per-concessione-ed-erogazione-delle-agevolazioni-2},
  langid = {italian},
  file = {D:\Zotero\storage\7GL8DE9S\decreto-direttoriale-24-giugno-2022-fondo-per-interventi-volti-a-favorire-lo-sviluppo-delle-tec.html}
}

@misc{DecretoDirettoriale24a,
  title = {{Decreto direttoriale 24 giugno 2022 - Fondo intelligenza artificiale, blockchain e internet of things. Modalit{\`a} e termini per concessione ed erogazione delle agevolazioni}},
  journal = {mimit.gov.it},
  urldate = {2025-02-09},
  abstract = {Ministero delle Imprese e del Made in Italy},
  howpublished = {https://www.mimit.gov.it/index.php/it/normativa/decreti-direttoriali/decreto-direttoriale-24-giugno-2022-fondo-per-interventi-volti-a-favorire-lo-sviluppo-delle-tecnologie-e-delle-applicazioni-di-intelligenza-artificiale-blockchain-e-internet-of-things-modalita-e-termini-per-concessione-ed-erogazione-delle-agevolazioni-2},
  langid = {italian},
  file = {D:\Zotero\storage\EQZA8Z25\decreto-direttoriale-24-giugno-2022-fondo-per-interventi-volti-a-favorire-lo-sviluppo-delle-tec.html}
}

@misc{DecretoInterministeriale6,
  title = {Decreto Interministeriale 6 Dicembre 2021 - {{Fondo}} per Interventi Volti a Favorire Lo Sviluppo Delle Tecnologie e Delle Applicazioni Di Intelligenza Artificiale, Blockchain e Internet of Things},
  journal = {www.mimit.gov.it},
  urldate = {2025-02-09},
  howpublished = {https://www.mimit.gov.it/images/stories/normativa/DM\_6\_dicembre\_2021\_firmato.pdf},
  file = {D:\Zotero\storage\E5V3WPNF\DM_6_dicembre_2021_firmato.pdf}
}

@misc{DETTAGLIOCOR22390307,
  title = {{{DETTAGLIO COR}} 22390307 {\textbar} {{RNA}}},
  urldate = {2025-02-09},
  howpublished = {https://www.rna.gov.it/trasparenza/aiuti/23647531},
  file = {D:\Zotero\storage\AVSFTDJ8\23647531.html}
}

@misc{Dettaglioprogetto,
  title = {Dettaglio-Progetto},
  urldate = {2025-02-09},
  howpublished = {https://www.opencup.gov.it/portale/web/opencup/elenco-progetti/dettaglio-progetto?p\_p\_id=dettaglioprogettoportlet\_WAR\_OpenCupPortlets\&p\_p\_lifecycle=2\&p\_p\_state=normal\&p\_p\_mode=view\&p\_p\_resource\_id=exportPdf-portlet\&p\_p\_cacheability=cacheLevelPage\&\_dettaglioprogettoportlet\_WAR\_OpenCupPortlets\_tipo=pdf\&\_dettaglioprogettoportlet\_WAR\_OpenCupPortlets\_idCup=53830865\&\_dettaglioprogettoportlet\_WAR\_OpenCupPortlets\_idPj=53830865\&\_dettaglioprogettoportlet\_WAR\_OpenCupPortlets\_urlCollegamento\%3A+=https\%3A\%2F\%2Fwww.opencup.gov.it\%2Fportale\%2Fweb\%2Fopencup\%2Felenco-progetti\%3Fp\_p\_id\%3Delencoprogettiportlet\_WAR\_OpenCupPortlets\%26p\_p\_lifecycle\%3D0\%26p\_p\_state\%3Dnormal\%26p\_p\_mode\%3Dview\%26\_elencoprogettiportlet\_WAR\_OpenCupPortlets\_action\%3DcupCollegati\&\_dettaglioprogettoportlet\_WAR\_OpenCupPortlets\_returnUrl=https\%3A\%2F\%2Fwww.opencup.gov.it\%2Fportale\%2Fweb\%2Fopencup\%2Felenco-progetti\%3Fp\_p\_id\%3Delencoprogettiportlet\_WAR\_OpenCupPortlets\%26p\_p\_lifecycle\%3D0\%26p\_p\_state\%3Dnormal\%26p\_p\_mode\%3Dview\%26\_elencoprogettiportlet\_WAR\_OpenCupPortlets\_action\%3DricercaLibera\%26\_elencoprogettiportlet\_WAR\_OpenCupPortlets\_cercaPerKeyword\%3DB47H21009100008},
  file = {D:\Zotero\storage\E4B364S3\dettaglio-progetto.pdf}
}

@misc{Dettaglioprogettoa,
  title = {Dettaglio-Progetto},
  journal = {opencup.gov.it},
  urldate = {2025-02-09},
  howpublished = {https://www.opencup.gov.it/portale/web/opencup/elenco-progetti/dettaglio-progetto?p\_p\_id=dettaglioprogettoportlet\_WAR\_OpenCupPortlets\&p\_p\_lifecycle=2\&p\_p\_state=normal\&p\_p\_mode=view\&p\_p\_resource\_id=exportPdf-portlet\&p\_p\_cacheability=cacheLevelPage\&\_dettaglioprogettoportlet\_WAR\_OpenCupPortlets\_tipo=pdf\&\_dettaglioprogettoportlet\_WAR\_OpenCupPortlets\_idCup=54805532\&\_dettaglioprogettoportlet\_WAR\_OpenCupPortlets\_idPj=54805532\&\_dettaglioprogettoportlet\_WAR\_OpenCupPortlets\_urlCollegamento\%3A+=https\%3A\%2F\%2Fwww.opencup.gov.it\%2Fportale\%2Fweb\%2Fopencup\%2Felenco-progetti\%3Fp\_p\_id\%3Delencoprogettiportlet\_WAR\_OpenCupPortlets\%26p\_p\_lifecycle\%3D0\%26p\_p\_state\%3Dnormal\%26p\_p\_mode\%3Dview\%26\_elencoprogettiportlet\_WAR\_OpenCupPortlets\_action\%3DcupCollegati\&\_dettaglioprogettoportlet\_WAR\_OpenCupPortlets\_returnUrl=https\%3A\%2F\%2Fwww.opencup.gov.it\%2Fportale\%2Fweb\%2Fopencup\%2Felenco-progetti\%3Fp\_p\_id\%3Delencoprogettiportlet\_WAR\_OpenCupPortlets\%26p\_p\_lifecycle\%3D0\%26p\_p\_state\%3Dnormal\%26p\_p\_mode\%3Dview\%26\_elencoprogettiportlet\_WAR\_OpenCupPortlets\_action\%3DricercaLibera\%26\_elencoprogettiportlet\_WAR\_OpenCupPortlets\_cercaPerKeyword\%3DD17H24003380009},
  file = {D:\Zotero\storage\MAF7RUHS\dettaglio-progetto.pdf}
}

@misc{GraduatoriaBlockchain,
  title = {Graduatoria - {{Blockchain}}},
  keywords = {elenco,Infratel},
  file = {D:\Zotero\storage\GYP4KR2I\Graduatoria - Blockchain.pdf}
}

@misc{GraduatoriaIntelligenzaArtificiale,
  title = {Graduatoria  {{Intelligenza Artificiale}}},
  keywords = {elenco,Infratel},
  file = {D:\Zotero\storage\BMEKJ35I\Graduatoria  Intelligenza Artificiale.pdf}
}

@misc{GraduatoriaInternetThings,
  title = {Graduatoria  {{Internet}} of {{Things}}},
  keywords = {elenco,Infratel},
  file = {D:\Zotero\storage\Z9YKZDZ2\Graduatoria  Internet of Things.pdf}
}

@article{IncentivataRicercaSullintelligenza2022,
  title = {Incentivata La Ricerca Sull'intelligenza Artificiale},
  shorttitle = {Ricerca {{AI}}},
  year = {2022},
  month = jul,
  journal = {Il Sole 24 Ore},
  file = {D:\Zotero\storage\DQ35UZ7I\IlSole24Ore7Luglio2022_38.pdf}
}

@misc{IntelligenzaArtificialeBlockchain,
  title = {{Intelligenza artificiale blockchain e internet of things}},
  journal = {infratelitalia.it},
  urldate = {2025-02-09},
  abstract = {Infratel Italia societ{\`a} in-house del Ministero dello Sviluppo Economico, soggetto attuatore del Piano nazionale Banda Larga e Progetto Strategico Banda Ultralarga},
  howpublished = {https://www.infratelitalia.it:443/piani-nazionali-e-regionali/intelligenza-artificiale-blockchain-e-internet-of-things},
  langid = {italian},
  file = {D:\Zotero\storage\WXJSNKGK\intelligenza-artificiale-blockchain-e-internet-of-things.html}
}

@misc{IntelligenzaArtificialeBlockchain2022a,
  title = {{Intelligenza artificiale, blockchain e internet of things}},
  year = {2022},
  month = sep,
  journal = {mimit.gov.it},
  urldate = {2025-02-09},
  abstract = {Ministero delle Imprese e del Made in Italy},
  howpublished = {https://www.mimit.gov.it/it/incentivi/fondo-per-interventi-volti-a-favorire-lo-sviluppo-delle-tecnologie-e-delle-applicazioni-di-intelligenza-artificiale-blockchain-e-internet-of-things},
  langid = {italian},
  file = {D:\Zotero\storage\59TXA6N5\fondo-per-interventi-volti-a-favorire-lo-sviluppo-delle-tecnologie-e-delle-applicazioni-di-inte.html}
}

@misc{IntelligenzaArtificialeBlockchaina,
  title = {{Intelligenza artificiale, Blockchain e Internet of Things {\textbar} Incentivi}},
  journal = {incentivi.gov.it},
  urldate = {2025-02-09},
  abstract = {Cos'{\`e}Fondo istituito per perseguire gli obiettivi di politica economica e industriale, anche connessi agli ambiti di ricerca, sviluppo e innovazione tecnologica, per accrescere la competitivit{\`a} e la produttivit{\`a} del sistema imprenditoriale del Paese attraverso progetti di ricerca e innovazione tecnologica legati al programma transizione 4.0.A seguito dell'esaurimento delle risorse disponibili, con decreto direttoriale 21 settembre 2022 {\`e} disposta, a partire dal 22 settembre 2022, la chiusura dello sportello per la presentazione delle domande di agevolazione.},
  howpublished = {https://www.incentivi.gov.it/it/catalogo/intelligenza-artificiale-blockchain-e-internet-things-0},
  langid = {italian},
  file = {D:\Zotero\storage\E3N6U4J7\intelligenza-artificiale-blockchain-e-internet-things-0.html}
}

@misc{LintelligenzaArtificialea,
  title = {{L'intelligenza artificiale}},
  journal = {repubblicadigitale.gov.it},
  urldate = {2025-02-09},
  abstract = {Questo studio, pubblicato dalla Camera dei deputati, esplora lo stato dell'arte in merito alla legislazione sull'intelligenza artificiale nei suoi diversi settori di sviluppo e applicazione in Italia e nel mondo.},
  howpublished = {https://repubblicadigitale.gov.it/portale/-/l-intelligenza-artificiale},
  langid = {italian},
  file = {D:\Zotero\storage\8ZD5YLDF\l-intelligenza-artificiale.html}
}

@misc{OpenCupDettaglioa,
  title = {Open {{Cup}} - {{Dettaglio Progetto}} - {{OpenCUP}}},
  journal = {opencup.gov.it},
  urldate = {2025-02-09},
  howpublished = {https://www.opencup.gov.it/portale/web/opencup/elenco-progetti/dettaglio-progetto?p\_p\_id=dettaglioprogettoportlet\_WAR\_OpenCupPortlets\&p\_p\_lifecycle=0\&p\_p\_state=normal\&p\_p\_mode=view\&\_dettaglioprogettoportlet\_WAR\_OpenCupPortlets\_idPj=54805532\&\_dettaglioprogettoportlet\_WAR\_OpenCupPortlets\_returnUrl=https\%3A\%2F\%2Fwww.opencup.gov.it\%2Fportale\%2Fweb\%2Fopencup\%2Felenco-progetti\%3Fp\_p\_id\%3Delencoprogettiportlet\_WAR\_OpenCupPortlets\%26p\_p\_lifecycle\%3D0\%26p\_p\_state\%3Dnormal\%26p\_p\_mode\%3Dview\%26\_elencoprogettiportlet\_WAR\_OpenCupPortlets\_action\%3DricercaLibera\%26\_elencoprogettiportlet\_WAR\_OpenCupPortlets\_cercaPerKeyword\%3DD17H24003380009\&\_dettaglioprogettoportlet\_WAR\_OpenCupPortlets\_urlCollegamento\%3A+=https\%3A\%2F\%2Fwww.opencup.gov.it\%2Fportale\%2Fweb\%2Fopencup\%2Felenco-progetti\%3Fp\_p\_id\%3Delencoprogettiportlet\_WAR\_OpenCupPortlets\%26p\_p\_lifecycle\%3D0\%26p\_p\_state\%3Dnormal\%26p\_p\_mode\%3Dview\%26\_elencoprogettiportlet\_WAR\_OpenCupPortlets\_action\%3DcupCollegati},
  file = {D:\Zotero\storage\GBIEW7XP\dettaglio-progetto.html}
}

@misc{zorloniStoriaFondoFinanziare2024,
  title = {{Storia del fondo per finanziare le startup di AI e blockchain che in 5 anni nessuno ha ancora visto}},
  author = {Zorloni, Luca},
  year = {2024},
  month = sep,
  journal = {Wired Italia},
  urldate = {2025-02-09},
  abstract = {Nel 2019 il governo istituisce un finanziamento da 45 milioni per nuove tecnologie. Nel 2022 il bando per assegnare i soldi. Ma impiega due anni per distribuirli. E le aziende si lamentano: cos{\`i} si frena l'innovazione},
  chapter = {tags},
  howpublished = {https://www.wired.it/article/startup-fondo-intelligenza-artificiale-blockchain-infratel/},
  langid = {italian},
  file = {D:\Zotero\storage\5H8G8QNX\startup-fondo-intelligenza-artificiale-blockchain-infratel.html}
}
